<record><leader>00000cas a22000007a 4500</leader><controlfield tag="001">15671672</controlfield><controlfield tag="008">870512u1867uuuunjumr ne      0    0eng d</controlfield><controlfield tag="009">7722</controlfield><datafield ind1=" " ind2=" " tag="010"><subfield code="a">sn 87068066 </subfield></datafield><datafield ind1=" " ind2=" " tag="040"><subfield code="a">NJW</subfield><subfield code="b">eng</subfield><subfield code="c">NJW</subfield></datafield><datafield ind1="1" ind2=" " tag="029"><subfield code="a">AU@</subfield><subfield code="b">000025792164</subfield></datafield><datafield ind1=" " ind2=" " tag="042"><subfield code="a">msc</subfield></datafield><datafield ind1="0" ind2=" " tag="130"><subfield code="a">Economist (Manchester, N.J.)</subfield></datafield><datafield ind1="0" ind2="4" tag="245"><subfield code="a">The economist.</subfield></datafield><datafield ind1=" " ind2=" " tag="260"><subfield code="a">Manchester, N.J. :</subfield><subfield code="b">Manchester Land Co.,</subfield><subfield code="c">1867-</subfield></datafield><datafield ind1=" " ind2=" " tag="300"><subfield code="a">v.</subfield></datafield><datafield ind1=" " ind2=" " tag="310"><subfield code="a">Monthly</subfield></datafield><datafield ind1="0" ind2=" " tag="362"><subfield code="a">Vol. 1, no. 1 (Oct. 1867)-</subfield></datafield><datafield ind1=" " ind2=" " tag="500"><subfield code="a">"Devoted to the development of the manufacturing and agricultural resources of Manchester, Ocean County, New Jersey."</subfield></datafield><datafield ind1=" " ind2=" " tag="530"><subfield code="a">Also issued on microfilm as part of the Civil War newspapers series.</subfield></datafield><datafield ind1=" " ind2=" " tag="550"><subfield code="a">Published by, and in the interests of, the Manchester Land Company.</subfield></datafield><datafield ind1="2" ind2=" " tag="710"><subfield code="a">Manchester Land Company.</subfield></datafield><datafield ind1=" " ind2=" " tag="752"><subfield code="a">United States</subfield><subfield code="b">New Jersey</subfield><subfield code="c">Ocean</subfield><subfield code="d">Manchester.</subfield></datafield></record>